@inproceedings{Morman:2006,
 author = {Morman, Joshua and Rabiner, Lawrence},
 title = {A System for the Automatic Segmentation and Classification of Chord Sequences},
 booktitle = {Proceedings of the 1st ACM Workshop on Audio and Music Computing Multimedia},
 series = {AMCMM '06},
 year = {2006},
 isbn = {1-59593-501-0},
 location = {Santa Barbara, California, USA},
 pages = {1--10},
 numpages = {10},
 url = {http://doi.acm.org.ezproxy.morris.umn.edu/10.1145/1178723.1178725},
 doi = {10.1145/1178723.1178725},
 acmid = {1178725},
 publisher = {ACM},
 address = {New York, NY, USA},
 keywords = {chord recognition, music information, retrieval (MIR), signal processing},
}

@inproceedings{Lee:2006,
 author = {Lee, Kyogu and Slaney, Malcolm},
 title = {Automatic Chord Recognition from Audio Using a Supervised HMM Trained with Audio-from-symbolic Data},
 booktitle = {Proceedings of the 1st ACM Workshop on Audio and Music Computing Multimedia},
 series = {AMCMM '06},
 year = {2006},
 isbn = {1-59593-501-0},
 location = {Santa Barbara, California, USA},
 pages = {11--20},
 numpages = {10},
 url = {http://doi.acm.org.ezproxy.morris.umn.edu/10.1145/1178723.1178726},
 doi = {10.1145/1178723.1178726},
 acmid = {1178726},
 publisher = {ACM},
 address = {New York, NY, USA},
 keywords = {MIDI, chord recognition, hidden Markov model, supervised learning},
} 

@ARTICLE{TaeMin:2014, 
author={TaeMin Cho and Bello, J.P.}, 
journal={Audio, Speech, and Language Processing, IEEE/ACM Transactions on}, 
title={On the Relative Importance of Individual Components of Chord Recognition Systems}, 
year={2014}, 
month={Feb}, 
volume={22}, 
number={2}, 
pages={477-492}, 
keywords={Gaussian processes;feature extraction;filtering theory;hidden Markov models;mixture models;music;pattern matching;synchronisation;GMM;Gaussian mixture models;HMM;automatic chord recognition system;beat-synchronization;chroma;complex chord models;feature extraction;hidden Markov models;musical context information;pattern matching;post filtering approach;prefiltering approach;systematic evaluation;transition matrix;Feature extraction;Harmonic analysis;Hidden Markov models;Pattern matching;Timbre;Vectors;Automatic chord recognition;Gaussian mixture models (GMMs);chroma;hidden Markov models (hmms)}, 
doi={10.1109/TASLP.2013.2295926}, 
ISSN={2329-9290},}
}

@ARTICLE{McVicar:2014, 
author={McVicar, M. and Santos-Rodriguez, R. and Yizhao Ni and Tijl De Bie}, 
journal={Audio, Speech, and Language Processing, IEEE/ACM Transactions on}, 
title={Automatic Chord Estimation from Audio: A Review of the State of the Art}, 
year={2014}, 
month={Feb}, 
volume={22}, 
number={2}, 
pages={556-575}, 
keywords={feature extraction;information retrieval;learning (artificial intelligence);music;ACE;MIR;MIREX;audio signal;automatic chord estimation;feature extraction;model training;music information retrieval evaluation exchange;Accuracy;Feature extraction;Harmonic analysis;Spectrogram;Time-frequency analysis;Tuning;Vectors;Music information retrieval;expert systems;knowledge based systems;machine learning;supervised learning}, 
doi={10.1109/TASLP.2013.2294580}, 
ISSN={2329-9290},}

@inproceedings{McVicar:2010,
 author = {McVicar, Matt and De Bie, Tijl},
 title = {Enhancing Chord Recognition Accuracy Using Web Resources},
 booktitle = {Proceedings of 3rd International Workshop on Machine Learning and Music},
 series = {MML '10},
 year = {2010},
 isbn = {978-1-4503-0161-9},
 location = {Firenze, Italy},
 pages = {41--44},
 numpages = {4},
 url = {http://doi.acm.org.ezproxy.morris.umn.edu/10.1145/1878003.1878017},
 doi = {10.1145/1878003.1878017},
 acmid = {1878017},
 publisher = {ACM},
 address = {New York, NY, USA},
 keywords = {alignment, chord recognition, music information retrieval},
} 

@misc{ wiki:mir,
   author = "Wikipedia",
   title = "Music information retrieval --- Wikipedia{,} The Free Encyclopedia",
   year = "2014",
   url = "http://en.wikipedia.org/w/index.php?title=Music_information_retrieval&oldid=625941671",
   note = "[Online; accessed 20-October-2014]"
 }